00100000         100011111111111000123456001418000  0111110000123456789 CEDENTE DE TESTE              BANCO DO BRASIL                         10603201120333200000103000000                                                      000            
00100011R0100020 1000011111111111000123456001418000  0111110000123456789 CEDENTE DE TESTE                                                                                              000000010603201100000000                                 
0010001300001P 010111110000123456789 123456123456        121221              1707201200000000000019000000 17N06032011100000000000000000000001000000000000000000000000000000000000000000000000000000                         3000000090000000000 
0010001300002Q 011000011111111111PRIMEIRO CLIENTE                        R. DO PRIMEIRO CLIENTE 33               SACADOPOLIS    01000123SACDOS DO SUL  SC0000000000000000                                        000                            
0010001300003R 01000000000000000000000000000000000000000000000000117072012000000000000004          EXEMPLO DE BOLETO DO COBREBEMX                                                  0000000000000000000000000000                                 
00100015         00000500000000000000000000000000000000000000000000000000000000000000000000000000000000000000000000                                                                                                                             
00199999         000001000007000000                                                                                                                                                                                                             
